%% This BibTeX bibliography file was created using BibDesk.
%% http://bibdesk.sourceforge.net/


%% Created for LIMeng at 2015-10-15 15:44:31 +0800 


%% Saved with string encoding Unicode (UTF-8) 



@misc{iBeacon,
	Date-Modified = {2015-10-15 07:44:30 +0000},
	Howpublished = {\url{https://developer.apple.com/ibeacon/}},
	Note = {[Online]},
	Title = {{iBeacon}}}

@misc{UPnP,
	Howpublished = {\url{http://www.upnp.org/}},
	Note = {[Online]},
	Title = {{UPnP Forum}}}

@misc{Bonjour,
	Howpublished = {\url{https://www.apple.com/hk/en/support/bonjour/}},
	Note = {[Online]},
	Title = {{Apple Bonjour}},
	Year = {2002}}

@misc{airegg,
	Howpublished = {\url{http://airqualityegg.com/}},
	Note = {[Online]},
	Title = {{Air quality egg}},
	Year = {2015}}

@misc{xively,
	Howpublished = {\url{https://xively.com/}},
	Note = {[Online]},
	Title = {{Xively}},
	Year = {2015}}

@article{Wolf2002,
	Author = {Wolf, J. L. and Squillante, M. S. and Yu, P. S. and et al.},
	Doi = {10.1145/511463.511465},
	Isbn = {1581134495},
	Journal = {WWW},
	Pages = {136},
	Title = {{Optimal crawling strategies for web search engines}},
	Year = {2002},
	Bdsk-Url-1 = {http://dx.doi.org/10.1145/511463.511465}}

@article{Cho2000,
	Author = {Cho, Junghoo and Garcia-Molina, Hector},
	Doi = {10.1145/335191.335391},
	Isbn = {1581132182},
	Issn = {01635808},
	Journal = {SIGMOD},
	Pages = {117--128},
	Title = {{Synchronizing a database to improve freshness}},
	Volume = {29},
	Year = {2000},
	Bdsk-Url-1 = {http://dx.doi.org/10.1145/335191.335391}}

@article{Challenger2004,
	Author = {Challenger, James R. and Dantzig, Paul and Iyengar, Arun and et al.},
	Doi = {10.1109/TNET.2004.826289},
	Issn = {10636692},
	Journal = {IEEE/ACM Transactions on Networking},
	Keywords = {Caching,Dynamic content,Performance analysis,Prefetching,Stochastic models,Web sites},
	Number = {2},
	Pages = {233--246},
	Title = {{Efficiently serving dynamic data at highly accessed web sites}},
	Volume = {12},
	Year = {2004},
	Bdsk-Url-1 = {http://dx.doi.org/10.1109/TNET.2004.826289}}

@article{TinyDB,
	Author = {Madden, Samuel R. and Franklin, Michael J. and Hellerstein, Joseph M. and Hong, Wei},
	Doi = {10.1145/1061318.1061322},
	Isbn = {0362-5915},
	Issn = {03625915},
	Journal = {ACM Transactions on Database Systems},
	Number = {1},
	Pages = {122--173},
	Title = {{TinyDB: an acquisitional query processing system for sensor networks}},
	Volume = {30},
	Year = {2005},
	Bdsk-Url-1 = {http://dx.doi.org/10.1145/1061318.1061322}}

@inproceedings{Whitehouse2006,
	Author = {Whitehouse, Kamin and Zhao, Feng and Liu, Jie},
	Booktitle = {EWSN},
	Pages = {5--20},
	Title = {{Semantic streams: A framework for composable semantic interpretation of sensor data}},
	Url = {http://link.springer.com/chapter/10.1007/11669463\_4},
	Year = {2006},
	Bdsk-Url-1 = {http://link.springer.com/chapter/10.1007/11669463%5C_4}}

@article{SPITFIRE,
	Author = {Pfisterer, Dennis and R\"{o}mer, Kay},
	Journal = {IEEE Communications Magazine},
	Number = {November},
	Pages = {40--48},
	Title = {{SPITFIRE: toward a semantic web of things}},
	Url = {http://ieeexplore.ieee.org/xpls/abs\_all.jsp?arnumber=6069708},
	Year = {2011},
	Bdsk-Url-1 = {http://ieeexplore.ieee.org/xpls/abs%5C_all.jsp?arnumber=6069708}}

@article{Compton2012,
	Author = {Compton, Michael and Barnaghi, Payam and Bermudez, Luis and et al.},
	Doi = {10.1016/j.websem.2012.05.003},
	Isbn = {1570-8268},
	Issn = {15708268},
	Journal = {Journal of Web Semantics},
	Keywords = {Linked sensor data,Ontologies,Semantic interoperability,Semantic sensor web,Sensor web enablement},
	Pages = {25--32},
	Publisher = {Elsevier B.V.},
	Title = {{The SSN ontology of the W3C semantic sensor network incubator group}},
	Url = {http://dx.doi.org/10.1016/j.websem.2012.05.003},
	Volume = {17},
	Year = {2012},
	Bdsk-Url-1 = {http://dx.doi.org/10.1016/j.websem.2012.05.003}}

@article{CoREWorkingGroup2012,
	Author = {{CoRE Working Group}},
	Journal = {IETF CoRE},
	Pages = {1--22},
	Title = {{Constrained RESTful Environments (CoRE) Link Format}},
	Year = {2012}}

@book{boyd2004convex,
	Author = {Boyd, Stephen and Vandenberghe, Lieven},
	Publisher = {Cambridge university press},
	Title = {Convex optimization},
	Year = {2004}}

@article{botts2007opengis,
	Author = {Botts, Mike and Robin, Alexandre},
	Journal = {OpenGIS Implementation Specification OGC},
	Pages = {07--000},
	Title = {OpenGIS sensor model language (SensorML) implementation specification},
	Year = {2007}}

@article{Pfisterer2011,
	Author = {Pfisterer, Dennis and R\"{o}mer, Kay},
	Journal = {IEEE Communications Magazine},
	Mendeley-Groups = {Search in Internet of Things: A Survey/Research Groups/Spitfire,Search in Internet of Things: A Survey/Research Groups},
	Number = {November},
	Pages = {40--48},
	Title = {{SPITFIRE: toward a semantic web of things}},
	Url = {http://ieeexplore.ieee.org/xpls/abs\_all.jsp?arnumber=6069708},
	Year = {2011},
	Bdsk-Url-1 = {http://ieeexplore.ieee.org/xpls/abs%5C_all.jsp?arnumber=6069708}}
